 @comment{ Zheng Y, He M, Congdon N. The worldwide epidemic of diabetic 
           retinopathy. Indian Journal of Ophthalmology. 2012;60(5):428-431. 
           doi:10.4103/0301-4738.100542. }
@article{medical_zheng,
 author = "Zheng Y and He M and Congdon N.",
 title = "The worldwide epidemic of diabetic retinopathy",
 journal = "Indian Journal of Ophthalmology",
 volume="doi:10.4103/0301-4738.100542",
 year = 2012
},

@article{medical_dr,
author={Миленькая, Т.М. and Бессмертная, Е.Г. and Александрова, В.К. and Смирнова, Н.Б. and Андрианова, Т.А.},
title={Диабетическая ретинопатия},
journal={Сахарный диабет},
year={2005},
volume={3},
},

@article{haloi,
author="Mrinal Haloi and Samarendra Dandapat and Rohit Sinha",
title="An Unsupervised Method for Detection and Validation of The Optic Disc and The Fovea",
journal="CoRR",
volume="abs/1601.06608",
year=2016,
},

@article{fazli,
author="Saeid Fazli and Sevin Samadi",
title="A Novel Retinal Vessel Segmentation Based On Histogram Transformation Using 2-D Morlet Wavelet and Supervised Classification",
journal   = "CoRR",
volume    = "abs/1312.7557",
year      = "2013",
url       = "http://arxiv.org/abs/1312.7557"
},

@misc{kaggle,
author="Kaggle.com",
title="Соревнование Diabetic Retinopathy Detection, https://www.kaggle.com/c/diabetic-retinopathy-detection/",
year="2015",
url="https://www.kaggle.com/c/diabetic-retinopathy-detection/"
},

@INPROCEEDINGS{qui_li, 
author={Q. Li and J. You and L. Zhang and P. Bhattacharya}, 
booktitle={2006 IEEE International Conference on Systems, Man and Cybernetics}, 
title={A Multiscale Approach to Retinal Vessel Segmentation Using Gabor Filters and Scale Multiplication}, 
year={2006}, 
volume={4}, 
pages={3521-3527}, 
keywords={Gabor filters;blood vessels;diseases;eye;image segmentation;medical image processing;Gabor filter;adaptive thresholding;automated retinal vessel image segmentation;computer aided diagnosis;medical disease diagnosis;multiscale analysis;ocular fundus;scale multiplication;vessel abnormality;Biomedical imaging;Blood vessels;Cybernetics;Diseases;Gabor filters;Image processing;Image segmentation;Medical diagnosis;Retina;Retinal vessels}, 
doi={10.1109/ICSMC.2006.384665}, 
ISSN={1062-922X}, 
month={Oct},},
